@BOOK{ref1,
	author = {John J.Craig},
	title = {Introduction to Robotics: Mechanics and Control},
	publisher = {Pearson Education},
	edition = {3rd}, 
}
@BOOK{ref2,
	author = {Gene F. Franklin, J. David Powell, Abbas Emami-Naeini},
	title = {Feedback Controlof Dynamic Systems},
	publisher = {Pearson Education},
	edition = {7th}, 
}
@BOOK{ref3,
	author = {Hebert Goldstein, Charles Poole, John Safko},
	title = {Classical Mechenics},
	publisher = {Addison-Wesley},
	edition = {3rd}, 
}

@ARTICLE{ref4,
author = {asd},
title = {Feedback Controlof Dynamic Systems},
}

